<record><leader>00000cas a22000007a 4500</leader><controlfield tag="001">27695884</controlfield><controlfield tag="008">930309d19071908caudn ne      0    0eng d</controlfield><datafield ind1=" " ind2=" " tag="010"><subfield code="a">sn 93053064 </subfield></datafield><datafield ind1=" " ind2=" " tag="040"><subfield code="a">CNK</subfield><subfield code="b">eng</subfield><subfield code="c">CNK</subfield><subfield code="d">OCLCQ</subfield></datafield><datafield ind1=" " ind2=" " tag="042"><subfield code="a">msc</subfield></datafield><datafield ind1="0" ind2="4" tag="245"><subfield code="a">The Bakersfield Californian and the daily Californian.</subfield></datafield><datafield ind1=" " ind2=" " tag="260"><subfield code="a">Bakersfield, Kern County, Calif. :</subfield><subfield code="b">Alfred Harrell</subfield></datafield><datafield ind1=" " ind2=" " tag="300"><subfield code="a">v.</subfield></datafield><datafield ind1=" " ind2=" " tag="310"><subfield code="a">Daily (except Sun.)</subfield></datafield><datafield ind1="0" ind2=" " tag="362"><subfield code="a">Vol. 18, no. 220 (Apr. 15, 1907)-v. 19, no. 130 (Jan. 2, 1908).</subfield></datafield><datafield ind1=" " ind2="4" tag="651"><subfield code="a">Kern County (Calif.)</subfield><subfield code="v">Newspapers.</subfield></datafield><datafield ind1=" " ind2=" " tag="752"><subfield code="a">United States</subfield><subfield code="b">California</subfield><subfield code="c">Kern</subfield><subfield code="d">Bakersfield.</subfield></datafield><datafield ind1="0" ind2="0" tag="780"><subfield code="t">Daily Californian (Bakersfield, Calif. : 1893)</subfield><subfield code="w">(DLC)sn 93053063</subfield></datafield><datafield ind1="0" ind2="0" tag="785"><subfield code="t">Bakersfield Californian</subfield><subfield code="w">(DLC)sn 81004331</subfield></datafield><datafield ind1="1" ind2=" " tag="029"><subfield code="a">AU@</subfield><subfield code="b">000020735166</subfield></datafield></record>